2670 4560
377 214 639 281 sorratcsss
670 214 924 283 nanturra
1152 233 1214 299 tes

1187 336 1194 371 l

81 390 212 483 coridon
250 400 360 471 καλῶς.
390 393 537 458 Heatlrias
563 385 654 476 putat
688 396 830 475 syntarin
863 418 990 477 poscere
1018 398 1042 483 Ι)
1060 403 1210 487 δυστυχοῖ,

79 484 172 567 *faed
185 482 249 543 boc
270 483 304 541 in
317 484 425 543 Attico·
440 483 592 563 scriptore
611 482 702 563 soret
714 483 875 562 δυστυχοίη
892 486 1012 562 potius,
1032 490 1065 545 in
1085 509 1212 554 numero

83 568 232 649 singulari
250 568 409 628 Atticiemo
423 578 562 643 servato,
584 576 620 626 ut
632 565 699 625 lieri
712 568 798 627 solet.
821 573 852 625 et
865 570 907 626 ita
920 580 1059 649 putarem
1074 574 1106 633 in
1112 576 1213 637 Phoe-

81 656 152 717 niss.
172 660 249 721 963.
272 656 324 713 ubi
346 654 415 715 cod.
428 654 513 713 ἱΙ·Ὶοτ.
536 653 629 713 habet
649 654 875 730 cleremount„
897 656 1000 715 verim
1020 678 1097 734 esse,
1127 665 1214 741 quod

80 760 162 801 manc
174 740 290 817 legitur
305 742 505 825 οἰωνοσκοπῇ
511 786 521 815 ,
543 741 617 821 quia
632 739 659 796 si
671 740 866 818 potentialem
881 740 1027 801 voluisset
1041 746 1211 825 Euripides,

83 827 257 907 scripsisset
276 826 380 905 potius
396 826 642 907 cinnamonum·
679 824 731 883 lta·
743 824 859 883 Hecub.
877 830 950 893 829.
972 828 1100 907 Kingius
1115 835 1212 895 edidit

83 909 222 994 εὕωχοι,
251 912 358 970 volens
380 903 509 993 εὐτυχοῖ.
532 910 588 969 aed
604 909 713 969 Aldina
730 910 776 969 ibi
795 908 903 986 habet,
934 904 1051 999 εὐτυχῇ,
1081 910 1111 975 e't
1129 912 1213 1001 ἔχηθ’

84 1018 176 1057 versu
193 998 342 1075 sequenti.
386 996 434 1057 Ob
450 1014 543 1077 quem
564 996 712 1055 rationem
727 996 877 1072 Atticam,
898 996 1087 1076 Polyrnestor
1104 1004 1137 1061 in
1159 1027 1214 1064 eo-

86 1084 154 1143 dem
174 1082 312 1141 dramate
329 1102 395 1142 ver.
417 1088 510 1149 1123.
533 1082 609 1141 dicit
630 1084 752 1160 κινοίην
775 1082 882 1163 χέρας,
905 1102 966 1141 non
985 1092 1110 1167 κινοῖμι.
1133 1082 1223 1168 Dixi,

84 1172 116 1227 in
130 1190 253 1227 numero
277 1166 427 1249 singulari
448 1180 564 1227 remoto
586 1166 771 1242 Atticismo,
795 1169 869 1247 quia
889 1167 924 1225 iu
942 1166 1028 1229 duali
1045 1168 1076 1230 et
1099 1172 1219 1254 plurali

86 1252 124 1311 ad
143 1255 342 1311 Communem
356 1254 486 1313 formam
504 1272 593 1331 saepe
608 1260 806 1313 revereantur
824 1254 926 1313 Attici.
947 1256 1047 1314 rarius
1067 1260 1099 1317 in
1110 1262 1218 1340 sir1ga-·

85 1338 153 1399 lari:
176 1337 537 1419 nonnunquam-tanen]

168 1440 271 1500 Versa
293 1442 432 1521 proxime
452 1443 602 1521 sequenti,
623 1450 708 1503 recte
725 1450 832 1503 tuetur
853 1437 928 1517 ὅσας
940 1444 1117 1522 Bamesius,
1141 1467 1222 1510 con-³

87 1536 130 1587 tra
151 1520 177 1607 ‘)
195 1526 266 1599 ἴσας
289 1528 418 1587 Canteri.
442 1522 569 1609 ἐραστὰς
589 1528 634 1586 ibi
655 1538 701 1587 est
718 1550 829 1601 mores,
863 1530 916 1608 qui
939 1550 1007 1587 eum
1028 1532 1221 1611 anriverunty

88 1620 117 1672 et
132 1604 196 1675 ainai
217 1616 351 1689 θηλειῶν
378 1607 454 1685 ὅσας
470 1608 543 1671 'dici
567 1624 671 1693 potest
694 1613 781 1718 Quasi
802 1634 870 1672 cum
892 1613 1103 1694 admiratione,
1132 1636 1221 1705 preat,

86 1711 191 1778 patae,
214 1698 292 1755 inter
302 1696 481 1781 foeminas!
501 1694 681 1778 θαυμαστὸν
702 1718 792 1771 oona,
814 1700 865 1757 vel
887 1704 1026 1777 πλείστας
1047 1698 1129 1777 ὅσας,
1152 1704 1215 1765 vid.

89 1782 188 1841 Sc'hol.
203 1780 359 1861 Aristoph.
382 1782 515 1859 Aclrain.
533 1804 598 1843 ver.
614 1789 641 1847 1.
686 1782 779 1856 Quod
797 1802 871 1842 vcro
895 1785 932 1843 de
953 1786 1057 1864 Tydeo
1078 1787 1131 1847 laic
1144 1812 1220 1849 nar-1

89 1876 170 1928 ratur
202 1868 362 1926 combusto
385 1868 546 1943 Eleusino,
577 1878 606 1926 et
630 1868 667 1927 de
696 1868 814 1927 ossibus
837 1869 901 1949 ejus
924 1869 1020 1947 Argos
1043 1876 1221 1951 reportatis,-

92 1952 243 2047 quomodo
270 1952 497 2012 conciliabimus
518 1974 588 2012 cum
608 1952 646 2013 iis
663 1973 741 2031 quae
765 1952 830 2031 ejus
851 1954 929 2013 filius
945 1956 1104 2015 Diomedes
1122 1960 1221 2020 refert

93 2038 170 2119 apud
182 2038 305 2098 Homer.
324 2036 409 2099 Iliad.
429 2036 471 2119 Ξ,
489 2042 559 2104 114.
607 2038 737 2115 rottae,
760 2033 798 2105 iia
815 2035 934 2127 Θήβῃσι
952 2036 1026 2121 χυτὴ
1048 2037 1125 2105 noval
1145 2052 1219 2129 yolo

91 2118 219 2203 adlatae.
290 2190 293 2195 ,
764 2129 767 2139 “

103 2230 107 2308 j
174 2227 247 2291 ver.
268 2228 341 2294 901.
370 2221 493 2307 Tobiae
505 2218 535 2293 δ’
548 2221 689 2295 ἔπαινον.
738 2224 864 2300 wotos
876 2234 923 2285 est
936 2226 1147 2308 amphimacer,
1166 2234 1221 2313 qui¹

93 2334 140 2402 pes
155 2334 220 2375 non
238 2312 331 2373 stabit
342 2314 375 2371 in
393 2312 458 2373 ullo
475 2316 545 2375 loco
571 2315 689 2375 senmii.
734 2312 994 2373 Pronuntiandum
1012 2324 1058 2372 est
1078 2316 1222 2397 dissylla-

93 2398 165 2459 bi'ce.
179 2400 221 2456 'et
240 2398 311 2477 quia
322 2398 435 2459 rationi
453 2421 515 2463 non
528 2400 653 2461 videtur
675 2408 910 2460 consentaneum
927 2409 961 2456 ut
978 2400 1089 2460 vocalis
1107 2402 1169 2463 nlla
1186 2405 1221 2465 in

93 2483 337 2567 pronuntiatione
358 2484 454 2542 lambi
474 2484 597 2565 percat,
628 2510 685 2559 εως
706 2484 892 2545 effercrrdmn
913 2483 992 2542 sorte
1015 2487 1123 2547 eode'm
1144 2510 1220 2559 sono

96 2572 172 2652 quali
190 2568 253 2628 Nos
271 2568 445 2629 efferremus
464 2590 546 2649 year,
574 2581 604 2629 ct
625 2570 756 2650 qualiter
784 2568 935 2629 efferimus
954 2571 1106 2631 vocabula
1132 2570 1223 2651 Yorlc,

89 2654 216 2737 χοιιᾶοη,
242 2650 388 2739 Hadyer,
419 2664 476 2713 etc.
510 2652 650 2729 tritinia,
687 2656 841 2732 de-yaig:
873 2673 933 2733 quo
964 2666 1055 2733 pacto
1082 2668 1222 2720 servatur

95 2752 236 2820 metrum,
259 2760 357 2817 neque
373 2760 465 2797 sonus
481 2740 585 2800 literae
600 2740 694 2815 ullius
716 2739 871 2797 amittitur.
900 2740 1040 2799 Dubitari
1055 2744 1133 2799 enim
1148 2738 1239 2823 pot-¹

96 2836 156 2903 eat,
184 2847 225 2885 an
246 2825 310 2883 ulla
331 2824 430 2883 fuerit-
447 2826 532 2887 elisio
553 2826 638 2905 apud
659 2826 803 2902 Tragicos
824 2824 957 2882 Graecos
979 2822 1023 2905 (in
1041 2826 1151 2885 lambis
1172 2828 1222 2887 di-

95 2910 151 2995 co,)
172 2914 207 2973 in
225 2931 285 2990 qua
298 2928 390 2968 sonus
406 2903 499 2969 ullius
516 2911 632 2970 vocalis
650 2909 1007 2991 interpronuntiandam
1026 2912 1150 2989 penitus
1172 2913 1222 2973 in-

95 2993 205 3076 teriret.
230 2995 316 3076 cajus
329 2995 525 3055 dubitationis
544 2996 657 3057 fundus
671 3016 736 3054 csse
750 3003 854 3075 potest
873 2992 1059 3073 subsequens
1076 2994 1223 3058 historio—

95 3077 135 3143 le:
162 3081 193 3167 ¹¹)
207 3079 400 3159 Hegelochus
428 3082 601 3159 Tragoedus
627 3080 734 3159 agebat
759 3076 913 3158 Euripidis
938 3080 1080 3140 Oresten:
1108 3083 1140 3142 in
1162 3105 1224 3164 qna

96 3160 212 3242 fabula,
234 3166 356 3226 Orestes
376 3187 414 3224 cx
430 3168 535 3227 insano
558 3168 597 3228 ad
616 3188 681 3227 seso
697 3164 799 3227 redire
820 3164 986 3243 incipiens,
1018 3165 1094 3226 dicit
1109 3165 1227 3249 (Orest.'

95 3252 178 3337 2792)
204 3244 268 3315 'Ea
285 3246 429 3327 nancitor
448 3248 506 3335 γὰρ
526 3244 619 3327 αὖθις
639 3242 678 3314 αὖ
698 3243 802 3335 γαλήν’
822 3242 906 3331 ὁρῶ,
927 3250 939 3307 i
964 3272 989 3309 a.
1011 3248 1147 3333 palpari:
1170 3252 1225 3321 Eoi

96 3338 262 3423 {tenpestate
283 3338 360 3396 enim
381 3360 481 3396 mrsus
501 3334 748 3421 tranquillitatem
770 3330 865 3394 uideo.
911 3333 1021 3393 Debuit
1032 3336 1226 3415 Hegelochus

96 3444 153 3485 uno
174 3433 281 3483 tenore
309 3421 499 3480 continuasse
524 3430 622 3482 totum
641 3421 808 3495 serrarium,
838 3426 869 3476 et
893 3420 951 3495 ita,
981 3432 1016 3479 ut
1033 3424 1224 3483 auditoribus

99 3530 133 3571 ax
148 3506 398 3593 pronuntiatione
416 3507 480 3587 ejus
503 3507 721 3582 innotesceret,
753 3500 878 3564 literam
890 3506 1031 3565 ultimam
1052 3509 1083 3566 in
1107 3504 1225 3591 γαληνὰ

98 3584 200 3657 disum
216 3591 313 3653 'fonsae
331 3592 369 3650 ob
385 3592 573 3671 subsequens
595 3585 670 3672 cinai:
693 3592 748 3651 sed
768 3590 879 3670 spiritu
897 3592 961 3671 eJ'us
986 3592 1147 3654 infeliciter
1171 3594 1226 3653 de-

97 3678 214 3741 ficiente
229 3680 262 3739 in
282 3671 395 3763 yulnv',
424 3678 573 3757 recipiens
591 3688 623 3735 se
646 3676 792 3756 pergebat
810 3676 850 3735 ad
871 3669 934 3759 6ροῖ
952 3688 1111 3759 antequam
1131 3680 1227 3741 ullam

98 3764 295 3848 rynaloephea
312 3782 366 3825 seu
379 3763 511 3823 elisionis
524 3757 951 3843 'sigrailicationani'dedissetz
972 3766 1055 3824 auide
1075 3764 1226 3823 auditori-

130 3920 158 3987 ι)
192 3915 377 3986 Margravius
411 3914 478 3969 cnm
516 3914 639 3968 Heathio
682 3910 715 3971 dl
732 3913 829 3985 parde
844 3910 914 3979 code
931 3914 1017 3977 ἴσους.
1052 3919 1193 3969 Porsenae.
1224 3933 1228 3941 ·

98 3986 222 4059 meten
238 3988 381 4066 δυστυχοῖ.
444 4017 447 4023 Α
718 3991 749 4055 a)
767 3986 839 4037 Vide
851 3986 1008 4052 Taylornm
1022 3985 1058 4036 ad
1073 3984 1226 4075 Dementia,

103 4054 642 4193 ..tlfttztl'lttltttttlittt
685 4054 913 4179 bittit?
936 4056 986 4107 α’
1011 4070 1041 4125 ¹''
1058 4066 1120 4127 ⁹²*
1144 4056 1225 4111 ΟΜ·

104 4210 128 4271 p.
146 4212 205 4267 ¹³4·
218 4196 254 4255 E.
270 4188 398 4261 Amoris
412 4184 568 4265 ulainai,
585 4195 644 4250 saie
826 4280 867 4360 L

883 4290 913 4365 ἢ
