2670 4560
144 176 219 271 stt
249 238 251 243 ,
379 206 381 210 ’

144 373 246 450 tibus,
263 369 323 434 ‘aut
345 372 467 434 vocales
487 369 699 457 inserentibus.
733 369 774 432 Et
794 373 862 452 quis
883 369 944 431 hoc
964 377 1103 453 tempore
1126 374 1204 435 adeo
1227 375 1277 436 de·

77 475 234 540 218mens
257 487 318 554 est,
339 487 376 535 ut
399 471 541 536 damnare
563 474 675 532 audeat
696 475 779 552 quod
801 475 861 534 illis
882 475 1001 556 placuit
1019 475 1052 534 in
1065 479 1129 536 suis
1143 480 1277 559 ipsorum

143 578 293 673 Linguis?
333 578 416 638 Nihil
436 590 537 638 tamen
558 585 642 635 vetat
662 596 723 655 quo
751 578 851 636 minus
874 596 1023 657 quaerere
1043 581 1183 642 modeste
1205 605 1276 664 pos-

145 685 238 744 simus
260 683 298 742 de
321 682 494 742 discrimine
520 681 602 738 inter
621 676 844 738 Auctoritatem
874 678 984 760 (quam
1010 692 1114 741 tamen
1143 706 1276 765 semper,

144 787 203 848 nisi
225 764 400 865 stultissimi
428 785 536 857 simus,
564 781 598 839 in
617 778 781 852 scribendo
810 781 993 867 sequemur)
1022 795 1053 844 et
1080 787 1167 846 istud
1198 791 1278 868 quod

32 870 34 883 Ι
101 957 104 964 ,
144 891 263 952 ratione
293 886 507 966 quaerentibus
535 882 623 942 nobis
647 880 776 958 Verum,
804 884 908 944 licet
897 907 960 966 Jam
980 907 1044 947 nou
1066 889 1276 969 obtinendum,

63 976 68 989 Ι
146 990 247 1051 videri
266 991 378 1069 possit:
406 988 590 1068 praecipue,
613 1006 684 1045 cum
704 984 766 1046 hoc
786 1007 849 1048 non
869 989 1014 1065 fecerint,
1038 1003 1188 1070 quantum
1208 997 1277 1071 scio,

147 1096 207 1176 ipsi
228 1093 355 1174 Antiqui
368 1092 530 1166 ductores,
552 1109 652 1170 neque
674 1109 780 1152 eorum
802 1101 1008 1169 enarratores,
1031 1094 1156 1161 Veteres
1174 1098 1277 1158 Gram-

148 1199 267 1273 matici,
299 1198 352 1276 qui
372 1195 502 1273 Regulas
531 1213 600 1252 suas
630 1180 791 1272 exigebant
819 1195 860 1255 ad
885 1194 919 1254 id
947 1195 1032 1275 quod
1050 1200 1231 1262 invenerant
1249 1190 1279 1261 in

115 1332 117 1336 ·
147 1272 215 1364 istis
232 1298 430 1373 Auctoribus,
451 1317 550 1376 neque
570 1296 654 1372 ultra
676 1297 869 1377 quaerebant.
900 1299 983 1378 quod
1004 1302 1031 1360 si
1051 1302 1211 1378 fecissent,
1232 1305 1279 1363 in·

149 1406 303 1467 venissent
324 1401 448 1479 utique,
480 1400 598 1459 nullum
624 1398 718 1460 irrisae
744 1399 906 1460 discrimen
935 1403 1078 1482 primitus
1099 1405 1133 1464 in
1154 1403 1203 1465 his
1227 1407 1280 1477 de·

92 1536 96 1549 ·
150 1505 365 1570 clinationibus
391 1504 472 1564 inter
488 1503 705 1563 Nominetivos
732 1513 763 1563 et
785 1504 961 1581 Genitivos,
991 1506 1089 1570 nisio
1112 1509 1259 1573 autel
1250 1529 1280 1570 ιιι

151 1609 293 1704 Genitivo
317 1608 453 1681 Graeco,
467 1615 508 1666 ct
529 1601 639 1665 Iante
661 1603 717 1666 S
707 1625 741 1678 ιιι
762 1605 905 1667 Genitivo
926 1609 1050 1685 Latino,
1080 1631 1120 1671 ne
1142 1612 1280 1692 quidem,

152 1712 239 1795 quod
261 1710 339 1786 scio,
368 1729 523 1769 unacum
542 1708 732 1789 exceptione.
775 1708 862 1770 Plato
883 1712 1002 1792 itaque,
1032 1714 1158 1792 Cicero,
1181 1726 1213 1775 ct
1233 1737 1281 1777 ce·

128 1798 130 1803 ¹
152 1816 212 1876 teri
224 1815 367 1889 Veteres,
388 1810 469 1870 hanc
484 1830 622 1871 caussam
634 1811 754 1872 afficere
765 1824 895 1895 possunt
913 1824 1060 1892 catenus
1076 1828 1124 1878 ut
1129 1839 1157 1877 ιι
1147 1819 1280 1894 Graece

137 1920 205 1978 -vel
226 1916 335 1985 Latine
362 1915 526 1990 scriberes,
556 1933 596 1974 ex
625 1933 730 1975 eorum
760 1919 940 1978 auctoritate
969 1940 1087 2000 semper
1115 1920 1163 1981 un·
1190 1924 1280 1983 velles

100 1998 116 2043 Ἰ
153 2022 282 2082 vocibus
310 2024 399 2091 ιιιιῖς,
428 2013 524 2099 lapis,
553 2025 585 2076 et
613 2020 736 2094 ceteris,
767 2021 875 2100 quibus
897 2018 961 2095 nli,
990 2040 1048 2100 pro
1070 2021 1280 2103 Nominatum:
1311 2022 1314 2033 '

41 2167 44 2171 .
155 2125 227 2199 sed,
257 2119 352 2205 silhis
373 2120 464 2180 rebus
488 2119 699 2196 cogitationem
720 2121 852 2201 aliquam
879 2122 1070 2202 impendisti,
1102 2146 1210 2188 eorum
1230 2149 1280 2189 au·

154 2227 282 2288 ctoritas
298 2230 595 2306 nunquampotest
624 2222 759 2300 efficere,
795 2232 831 2284 ut
861 2223 984 2302 credas,
1010 2232 1100 2305 atqie,
1133 2238 1165 2318 et
1188 2228 1279 2319 lapis,
1305 2292 1309 2297 ,

99 2382 100 2387 ,
146 2331 354 2392 erinaceos
375 2323 538 2402 etprimos
560 2322 768 2401 Nominatiyos
791 2326 1001 2390 Genitivorum
1021 2323 1150 2408 παιδὸς,
1181 2341 1212 2392 et
1231 2329 1281 2411 le?

57 2416 61 2425 ⁴
147 2427 253 2512 piatis,
276 2429 308 2486 in
328 2425 387 2485 hac
409 2425 524 2498 Quinta
546 2425 747 2501 Graecorum,
775 2435 805 2485 ct
825 2427 928 2487 Tertia
948 2430 1125 2507 Latinorum
1144 2435 1281 2507 Declina-

158 2512 274 2590 tionez'
297 2546 481 2608 quamquam
512 2528 621 2607 opinor
648 2523 725 2586 hacc
753 2528 808 2588 diu
828 2541 899 2591 ante
919 2520 1046 2595 Illorum
1066 2545 1211 2620 ternpus,
1235 2540 1281 2603 vel

157 2629 435 2715 tuliussScriptoris
459 2627 513 2710 qui
531 2647 614 2691 nunc
634 2637 750 2708 exstat,
772 2631 866 2697 fuisse
887 2645 1011 2709 mutata.
