2670 4560
427 209 801 331 orcnrusrrour.
869 326 871 331 Ι
902 244 906 253 ·
1122 242 1218 309 237.

55 410 132 495 (non
147 398 297 490 Capenos)
314 374 491 486 Capenatis:
516 391 633 463 Coetm
647 397 725 479 (non
738 396 856 484 Cocles)
875 399 1002 466 coeletis
1010 451 1019 482 ,
1043 418 1073 470 et
1088 406 1198 473 Cocli.-

56 501 118 559 tisa
138 508 230 575 segete
248 490 322 575 (non
337 494 435 571 seges).
444 491 565 570 segetis:
586 484 684 559 mileto
697 483 771 567 (non
786 484 884 572 miles)
897 489 1006 551 miletis
1021 504 1050 553 et
1065 494 1187 558 militis:

54 578 143 643 terete
162 575 240 651 (non
259 575 346 656 teres)
370 576 488 634 teretisz'
503 570 601 632 tehen
621 571 695 653 (non
714 568 814 647 tabes)
838 572 962 636 bebetis:
984 596 1096 660 coapata
1113 578 1193 662 (non'

56 653 177 749 ,ospasj
196 665 337 746 suspects,
367 670 397 719 et
414 659 550 742 sospitis:
581 653 727 717 Chremeta
745 653 821 736 (non
842 653 994 738 Chremes)
1011 660 1187 728 Carmena:
1274 718 1278 724 ,

59 750 155 815 Verre
175 747 250 832 (non
265 747 385 821 Verres)
405 746 458 804 vel
474 743 578 824 potius
601 740 637 802 V
632 766 676 800 ers
692 740 818 824 (nullam
838 744 917 802 enirn
940 732 1105 809 literanis
1123 772 1188 811 me-

57 838 113 898 dio
143 835 231 896 vocis
259 832 451 911 geminabant
479 827 679 906 antiquissimi
707 825 917 908 Latini)·gas.
945 831 1049 895 Veris:
1078 838 1202 915 postes.

62 920 188 995 Verres,
212 936 277 997 gen.
295 916 414 990 Verris,
437 915 517 975 forte
534 923 571 972 ut
588 913 823 988 distingueretur
843 934 865 972 a
883 936 947 975 uere
959 921 1049 992 verta,
1073 916 1107 984 vti
1124 922 1187 1007 inp,
1227 948 1229 955 ’

55 1007 117 1067 tbv
125 1005 253 1088 Spriag:
276 1000 362 1061 coeris
374 999 448 1082 (non
466 996 587 1075 eorda)
605 993 724 1059 obedis:
745 995 868 1059 haerede
888 999 962 1082 (non
982 1002 1095 1082 haeres)
1110 1005 1189 1067 bee-

61 1089 152 1152 redis.
196 1088 260 1149 lios
279 1087 356 1147 duos
385 1087 528 1165 articulos
550 1084 582 1143 in
605 1082 652 1141 As
668 1091 699 1142 et
712 1083 774 1158 ES,
796 1087 944 1167 exscripsi
968 1109 1007 1147 ex
1022 1091 1188 1168 Prisciano,

58 1195 92 1258 p.
115 1180 198 1252 748,
221 1178 292 1240 749.
315 1181 351 1230 ut
364 1170 435 1232 inde
448 1170 569 1245 videas,
593 1178 719 1248 quantas
731 1171 912 1231 mutationes
934 1173 1067 1235 subierat
1084 1179 1189 1256 lingua

58 1263 169 1322 Latina
187 1261 268 1321 inter
285 1268 406 1338 tempus
428 1256 615 1316 formationis
631 1255 760 1313 istorum
771 1256 1042 1335 nominativorum,
1065 1273 1096 1322 et
1106 1264 1258 1339 tem-284

59 1346 305 1431 pus-Ciceronis:
327 1345 360 1402 in
382 1362 443 1421 quo
464 1340 566 1402 medic
586 1350 739 1420 tempore,
771 1341 939 1422 abjectione
959 1349 1189 1408 consonantium

62 1432 247 1514 praecipue,
278 1438 309 1487 et
330 1429 487 1488 literarum
504 1425 685 1498 mutatione,
707 1436 744 1484 ut
769 1429 989 1489 vocabulorum
1007 1451 1098 1492 sonus
1118 1454 1190 1495 sua·
1275 1437 1278 1444 '

59 1519 131 1578 vior
151 1526 182 1578 et
198 1515 320 1575 mollior
339 1514 378 1573 ad
397 1532 486 1573 aures
504 1510 681 1583 accederet,
699 1510 799 1589 prisci
816 1515 1000 1575 nominativi·
1015 1518 1079 1578 fere
1093 1520 1190 1581 inter-

59 1603 183 1676 ierant,
203 1608 371 1679 'utcumque
391 1618 495 1659 eorum
513 1596 638 1676 genitivi
653 1595 790 1656 ordinem
810 1616 899 1658 suum
913 1603 1086 1663 retinerent.
1113 1606 1190 1668 Nam

59 1708 100 1748 ne
121 1706 203 1746 unns
224 1685 347 1765 qtridem
361 1695 420 1760 ert,
442 1694 479 1743 ut
500 1681 575 1743 mihi
594 1681 735 1757 videtur,
757 1685 962 1746 nominativus
978 1709 1016 1748 ex
1033 1690 1070 1749 iis
1092 1692 1190 1751 omni-

58 1775 120 1834 bus
143 1792 221 1852 quos
234 1768 406 1829 Priscianus
428 1789 521 1849 supra
537 1767 657 1848 posuit,
681 1775 711 1826 et
732 1787 808 1845 quos
831 1791 870 1829 ex
893 1792 929 1831 eo
949 1774 1112 1854 descripsi,
1136 1777 1192 1855 qui

60 1866 167 1941 potest
194 1870 272 1916 recte
294 1857 394 1915 facere
420 1855 585 1932 genitivum
609 1870 699 1932 quem
723 1854 750 1912 ei
770 1853 823 1914 ille
847 1858 1019 1935 assignavit.
1043 1870 1191 1922 ettamen
1246 1928 1249 1936 ¹
1281 1891 1287 1907 ··

62 1964 168 2005 omnes
183 1942 264 2001 istos
286 1941 487 2001 nominativos
502 1948 532 1998 et
545 1937 694 2016 genitivos
709 1934 850 2019 (excepta
868 1941 1046 2019 Maecenas,
1069 1956 1099 2005 et
1111 1949 1192 2009 forte

66 2024 171 2111 Geras)
187 2027 323 2086 invenire
340 2026 443 2106 potuit
457 2025 490 2085 in
506 2025 668 2100 Cicerone,
692 2023 832 2102 subqno,
854 2028 904 2086 vel
921 2031 1013 2107 paulo
1029 2039 1112 2106 ante,
1129 2033 1192 2093 lin-
1242 2077 1247 2083 -

65 2130 155 2193 guam
172 2112 311 2171 Latinam
331 2111 463 2190 attigisse
482 2129 567 2170 suern
590 2104 698 2190 dapis
711 2110 853 2173 creditur.
897 2113 956 2172 Sed
976 2116 1061 2173 nulla
1082 2127 1192 2179 aucto-

64 2200 155 2275 ritas,
178 2197 369 2276 quantnmvis
389 2215 512 2273 magna,
536 2193 655 2254 efficere
673 2202 776 2272 potest
792 2204 829 2254 ut
849 2194 988 2258 Palladis
1007 2202 1046 2259 sit
1069 2204 1192 2280 regula-

62 2280 140 2346 riter
163 2283 313 2362 genitivus
335 2281 514 2343 nominativi
536 2277 660 2351 Pallas,
689 2287 744 2337 sut
764 2278 904 2341 Atlantis
922 2286 1069 2360 genitivus
1091 2289 1191 2349 nomi-

34 2414 38 2419 ·
63 2369 161 2433 nativi
191 2365 306 2429 Atlas:
336 2377 495 2427 ettamen
514 2375 551 2424 ut
582 2362 688 2425 Palios
713 2364 764 2423 vel
790 2364 886 2426 Atlas
916 2371 1106 2451 recipiantur
1133 2396 1193 2455 pro

51 2457 143 2535 ,oens
160 2452 353 2513 nominativis
379 2449 506 2512 Pallada
523 2461 553 2511 et
568 2447 714 2524 Atlante,
739 2453 902 2512 auctoritas
923 2464 954 2515 et
970 2476 1042 2514 usus
1063 2466 1192 2538 possunt

66 2540 199 2601 efficere.
242 2538 310 2615 Hoc
324 2537 509 2614 intelligatur
532 2536 647 2597 dictum
660 2535 706 2604 de·
716 2547 836 2597 centum
856 2539 927 2614 aliis,
939 2543 1096 2605 vocabulis
1113 2564 1193 2623 quo-

65 2647 135 2686 rum
155 2623 242 2684 nulla
256 2623 377 2683 ¹mentio
395 2621 448 2680 bic
462 2623 542 2680 laets
559 2622 606 2679 sit
629 2630 746 2679 namet
765 2625 881 2685 comitis
899 2637 1001 2704 potest
1027 2649 1090 2689 esse
1107 2631 1193 2708 geni-

66 2713 151 2773 tivus
169 2709 254 2768 vocis
280 2726 391 2768 comes:
414 2716 446 2765 et
467 2708 561 2766 comis
581 2705 730 2783 genitivus
752 2727 816 2767 esse
827 2718 931 2787 potest
949 2714 1126 2774 nominativi
1140 2706 1194 2776 eoa>

65 2799 139 2872 mis,
163 2795 253 2853 etiam
269 2793 302 2851 in
326 2780 525 2852 declinatione
548 2789 818 2871 imparisyllabica,
840 2796 867 2852 si
887 2793 965 2855 volet
980 2809 1058 2860 anas.
1074 2799 1129 2858 sed
1141 2822 1193 2865 raa

65 2884 110 2943 tio
136 2889 168 2940 et
190 2879 384 2957 grammatica
411 2876 631 2949 reclamabunt,
662 2883 693 2933 et
716 2877 791 2936 istos
809 2879 1012 2941 nominativos
1038 2894 1192 2964 respuent,

69 2968 239 3047 flagitantes
251 2979 370 3040 comete,
394 2982 459 3042 gen.
483 2964 618 3035 cernetis,
641 2959 834 3033 vetustum
852 2967 1033 3042 mutatione,
1056 2973 1193 3033 comitis:

67 3064 98 3113 et
120 3072 220 3120 come,
244 3069 309 3128 gen.
324 3050 432 3124 comis,
456 3049 536 3108 sorte
553 3069 571 3106 a
588 3046 703 3104 Graeco
724 3043 906 3120 ΚΟΜΨός.
928 3052 981 3110 sod
996 3063 1095 3114 tamen
1112 3057 1195 3115 ratio

67 3149 98 3199 et
127 3135 322 3216 grammatica
344 3154 455 3213 parum
480 3131 641 3207 valebunt,
670 3153 727 3189 nec
751 3133 801 3214 jus
826 3154 916 3195 suum
940 3141 1019 3198 tueri
1048 3149 1195 3219 poterunt

20 3210 23 3217 ¹
67 3232 175 3283 conns
198 3240 287 3279 usum
304 3228 335 3277 et
354 3219 593 3293 auetoritatents
617 3216 726 3296 quibus
748 3238 803 3297 ego
826 3221 947 3280 minine
972 3245 1127 3304 repugno,
1159 3228 1262 3288 ettttt)

65 3309 198 3381 vellem,
225 3306 251 3365 si
270 3324 405 3385 possem,
434 3323 502 3363 cum
525 3302 669 3363 Cicerone
691 3324 810 3385 semper
832 3306 987 3369 scriberes
1007 3309 1067 3370 boc
1092 3323 1195 3373 tamen

67 3416 131 3455 non
144 3393 262 3465 obstat,
280 3409 341 3468 quo
354 3389 454 3448 minus
467 3389 596 3467 quilibet
607 3388 800 3449 laudabiliter
811 3391 888 3450 scire
901 3393 976 3452 velit
983 3439 993 3470 ,
1015 3406 1047 3456 et
1058 3384 1205 3477 quaerat,

68 3479 182 3561 quibus
195 3477 229 3535 iu
243 3475 350 3552 rebus,
371 3484 418 3552 et,
441 3494 497 3534 cur
511 3474 617 3535 Cicero
632 3474 669 3533 ab
683 3475 898 3554 antiquissimis
913 3478 1106 3542 discesserit'

70 3686 75 3693 ·
156 3646 294 3709 Vidimus
314 3644 434 3706 literam
455 3645 476 3702 S
495 3632 770 3705 characteristicam
789 3666 853 3706 esse
871 3647 963 3731 hujus
987 3650 1197 3710 declinationis

70 3736 103 3797 in
123 3733 329 3808 nominativo,
352 3742 382 3791 et
396 3732 412 3790 1
424 3733 525 3790 anteS
547 3729 818 3792 characteristicum
836 3755 899 3793 esse
919 3737 1043 3813 garritivi
1058 3754 1199 3794 crescen-

69 3824 129 3899 tis3
160 3829 190 3880 et
201 3817 274 3877 hiric
284 3817 486 3896 propositioni
498 3816 666 3877 consentire
679 3818 778 3876 ornnia
791 3819 927 3898 exempla
944 3821 1199 3881 nominativorum

71 3928 151 3988 quae
163 3905 247 3985 apud
262 3903 447 3962 Priscianunr
461 3902 603 3963 desinunt
614 3902 648 3960 in
660 3903 680 3958 S
692 3901 742 3983 (et
758 3905 857 3964 omnia
870 3906 903 3963 in
915 3908 963 3978 X,
983 3915 1114 3985 *excepto
1129 3909 1197 3980 nir,

69 3993 166 4065 ηίυίε,
190 4000 221 4049 et
243 3991 393 4069 conjeram,
418 3984 570 4069 conjugis:
599 3986 653 4045 sed
668 3985 759 4068 liujus
780 3991 879 4049 ultimi
900 4010 970 4048 vera
985 3994 1136 4070 scriptura
1153 4001 1200 4051 est

71 4079 207 4154 conjux,
234 4075 254 4133 i.
268 4095 293 4133 e.
314 4075 452 4154 conjuga,
480 4070 635 4155 conjugia)
660 4074 685 4131 si
710 4075 749 4134 ad
766 4076 899 4155 priscam
920 4085 950 4133 et
968 4096 1073 4137 veram
1093 4095 1199 4136 eorum

68 4178 201 4238 prusam
212 4159 399 4239 redigantur.
440 4157 530 4219 Nunc
544 4165 660 4220 ceteras
674 4158 740 4240 ejus
757 4161 983 4223 terminationes
1000 4162 1135 4225 breviter
1150 4162 1200 4221 vi-

542 4376 551 4410 i
