2670 4560
336 171 342 182 ’
443 186 863 301 sustineamur.
956 292 961 307 ,
1174 234 1259 329 2⁸⁵=

117 396 189 459 elim
215 392 390 457 desinebant
402 395 436 455 in
452 418 511 469 ers,
535 402 565 453 et
585 394 760 453 crescebant
779 391 812 452 in
829 395 977 472 genitivo:
998 404 1105 478 postea
1121 395 1239 467 mutata
1328 430 1332 452 =

84 516 87 531 ·
113 486 149 547 in
174 485 313 565 equestris
334 502 399 560 gen.
418 481 571 563 equestris:
591 477 734 560 pedestris·
747 498 812 556 gen.
820 475 978 560 pedestris,
995 492 1051 544 etc.
1068 480 1154 566 cujus
1168 490 1243 548 inu-¹

114 568 240 629 tationis
256 567 335 627 ratio
351 565 440 625 obvia
461 564 520 625 est.¹
537 562 614 646 (uic
630 562 814 643 adjectivum
837 586 936 639 acer-a,
963 565 1088 651 δριμύξ,
1109 574 1160 633 vel
1176 577 1236 639 322.

111 651 184 729 νὸς,
208 673 282 731 gem·
297 653 391 712 aceris
417 659 446 709 et
462 659 616 710 contracte
635 651 724 710 acris.
745 648 826 729 uude
840 669 940 710 novus
964 655 1165 716 nominativus
1183 658 1235 718 bic

111 751 145 801 et
165 736 245 799 hacc
270 738 349 799 ocris
369 745 399 795 ct
418 734 480 795 boc
500 750 595 817 acre,·
615 754 680 812 gen.
702 737 800 796 ocris:
825 753 883 814 per
905 757 994 816 quem
1015 744 1234 805 nominativum

112 823 308 901 distinguitur
326 813 452 901 'quoque
476 821 659 903 adjectivum
685 821 722 878 ab
749 814 855 881 arbore
876 841 952 901 quae
976 834 1022 884 est
1044 848 1152 902 neers,
1167 848 1233 908 gen.
1276 826 1281 840 '

110 913 225 972 aceris:
252 928 290 968 ex
312 927 372 989 qua
395 907 517 966 tabulae
538 905 716 986 scriptoriae
736 905 980 968 conficiebantur.
1022 911 1165 991 Ejusdem
1179 916 1236 981 de‘-

109 995 286 1057 clinationis
303 1002 375 1052 sunt
396 993 545 1072 adjectiva
562 990 657 1064 loeus,
679 988 753 1067 leva,
779 990 869 1068 breve,
891 1007 987 1071 tenos,
1008 1019 1115 1076 greum
1138 1002 1231 1076 trista,
1283 1006 1295 1014 “

109 1083 241 1161 insigne,
264 1077 392 1162 infame,
416 1075 535 1151 imbels,
559 1087 589 1136 et
606 1077 679 1135 talia
696 1076 869 1141 innumera:
891 1099 968 1158 quae
987 1091 1095 1160 postea
1116 1104 1237 1159 assum-¹

67 1163 71 1172 ’
108 1174 215 1226 serunt
235 1163 354 1224 literam
378 1164 391 1221 i
411 1183 449 1221 ex
468 1162 600 1242 genitivo
625 1163 658 1220 in
677 1163 912 1238 nominativum,
936 1174 966 1223 et
991 1165 1102 1226 fiebant
1127 1166 1229 1246 laeuis,

107 1251 200 1327 levis,
225 1243 331 1323 brevis,
356 1249 466 1326 tenacia,
497 1256 528 1307 et
543 1257 648 1328 postea
666 1268 722 1328 per
745 1248 874 1326 dialysin
898 1252 1009 1324 tenuis,
1028 1255 1145 1332 gravis,
1170 1257 1232 1314 tri-

107 1340 178 1412 stis,
202 1335 341 1415 insigms,
367 1329 507 1416 infamis,
531 1331 661 1408 imbelis,
683 1333 734 1392 vel
756 1330 908 1413 imbellis.)
950 1337 1069 1417 Nullius
1093 1347 1170 1396 esset
1192 1339 1232 1399 fia

106 1421 174 1496 nis,
197 1419 223 1479 si
238 1418 354 1496 singula
371 1437 569 1497 persequerer
585 1415 713 1498 hujusce
729 1419 854 1497 generis.
896 1420 944 1479 Ex
957 1422 1055 1480 citatis
1076 1442 1146 1482 vero
1164 1443 1238 1484 ons--

106 1506 198 1568 nibus
229 1512 361 1579 constat,
389 1502 606 1562 nominativum
627 1507 660 1561 in
682 1502 740 1562 hac
763 1505 853 1563 tertia
880 1505 1080 1566 declinatione
1107 1506 1245 1572 finitum.

104 1592 201 1654 fuisse
218 1588 307 1649 litera
326 1590 355 1664 S,
374 1596 404 1647 et
418 1588 584 1667 genitivum
599 1588 702 1648 itidem
721 1588 825 1648 eadem
844 1589 933 1650 litera
951 1593 1074 1666 exiisse,
1097 1606 1230 1655 assurnta
1256 1614 1259 1618 ·

104 1675 208 1739 vocali
231 1674 332 1735 lante
352 1675 381 1749 S,
402 1694 479 1752 quae
496 1674 660 1754 genitivum
681 1692 742 1731 una
765 1674 882 1751 syllaba
904 1679 1088 1736 nominativo
1108 1679 1231 1759 longio-

104 1783 171 1826 rem
188 1760 352 1835 reddebat,
373 1759 488 1838 pariter
507 1779 543 1817 ac
563 1760 596 1818 in
616 1759 722 1838 quinta
741 1760 925 1820 Graecorum
947 1763 1148 1823 declinatione
1170 1767 1229 1824 im-

128 1845 337 1926 arisyllbbica3
361 1864 480 1922 exque
504 1862 627 1904 remove
658 1845 694 1919 0,
725 1842 998 1906 characteristicam
1026 1850 1166 1926 genitivi,
1197 1860 1229 1911 et

104 1869 233 1996 libetis
250 1950 357 1992 versun
373 1929 605 2004 nominativum,
629 1930 735 1989 eodem
753 1932 843 2008 plane
860 1931 950 1989 modo
965 1952 1024 2010 quo
1046 1933 1078 1992 in
1088 1933 1148 1992 lsac
1161 1944 1229 1994 ter·

102 2019 148 2080 tia
167 2017 360 2088 Latinorum,
391 2014 417 2072 si
444 2014 565 2093 abjicias
585 2016 610 2091 I,
634 2014 906 2075 characteristicam
934 2017 1072 2094 genitivi,
1101 2021 1232 2080 restabit

105 2102 318 2166 nominativus.
339 2099 439 2175 unde,
461 2109 496 2160 ut
512 2098 588 2159 mihi
610 2101 750 2177 videtur,
772 2100 875 2161 nullus
892 2103 1095 2163 nominativus
1116 2104 1148 2162 iu
1166 2104 1228 2167 hac

105 2189 306 2259 declinatione
321 2185 461 2265 primitus
480 2187 578 2271 potuit
595 2186 731 2246 desinere
747 2188 779 2244 in
792 2185 909 2267 etnam
926 2189 940 2246 I
958 2197 1026 2247 ante
1039 2190 1059 2246 S
1073 2198 1138 2247 erat
1152 2188 1227 2249 aba*

76 2278 81 2297 “
101 2272 295 2337 ractcristica
314 2265 449 2352 genitivi)
470 2269 529 2328 nisi
549 2271 639 2330 simul
654 2273 802 2352 genitivus
821 2274 1033 2332 terminaretur
1045 2275 1076 2332 in
1090 2276 1149 2351 ‘iis5
1171 2295 1226 2335 cu·
1260 2286 1261 2291 ’

99 2359 236 2442 jusmodi
251 2355 469 2433 terminationis
494 2358 665 2436 exemplum
687 2358 719 2416 in
732 2357 863 2436 genitivo
877 2357 1013 2418 nondum
1031 2359 1149 2436 inveni,
1169 2381 1226 2420 ne-

103 2465 164 2526 que
187 2453 289 2504 extare
307 2450 392 2522 puto.
442 2440 531 2500 Multi
562 2443 684 2521 quidem
708 2434 887 2504 nominativi
913 2467 992 2505 nunc
1015 2453 1126 2504 exeunt
1143 2446 1177 2505 iu
1197 2447 1294 2523 is232

102 2528 279 2614 (nonnullos
299 2548 403 2587 eorum
427 2544 519 2604 supra
540 2531 696 2603 recensui,
716 2531 811 2609 agnis,
831 2527 941 2612 fiunis,
963 2532 1059 2604 restis,
1076 2528 1148 2611 etc.)
1171 2530 1225 2611 qni

100 2617 269 2696 genitivum
298 2612 426 2673 eundem
456 2611 590 2689 faciunt3
617 2614 671 2672 sed
698 2635 800 2673 omnes
831 2636 849 2672 a
875 2617 1003 2693 posteris
1034 2617 1163 2690 invecti,
1195 2628 1225 2678 et
1255 2632 1261 2645 '·

101 2701 246 2762 methodo
267 2696 370 2780 paullo
394 2704 463 2754 ante
485 2707 651 2769 memorata
674 2696 890 2786 redarguendi3
912 2720 1034 2779 nempe,
1057 2705 1083 2760 si
1100 2702 1224 2782 abjicias

101 2784 168 2847 Iin
188 2786 295 2845 ultima
318 2782 434 2864 syllaba
456 2781 594 2858 genitivi,
617 2782 701 2862 quod
718 2793 827 2857 restat,
853 2785 910 2844 erit
929 2787 1138 2845 nominativus.
1162 2809 1224 2866 quo

99 2882 194 2952 pacto
217 2890 319 2929 omnes
337 2870 385 2927 alii
405 2864 497 2948 hujus
517 2866 728 2928 declinationis
744 2870 927 2928 'nominativi
948 2871 1121 2931 inveniendi
1141 2885 1222 2950 sunt,

100 2966 136 3016 ut
153 2958 248 3028 cussis
266 2952 413 3031 cassidis,
438 2953 536 3033 cuspis
559 2950 713 3034 cuspidIs,
742 2952 821 3013 Nais
840 2953 975 3017 Nat'dls:
998 2967 1141 3036 exceptu,
1163 2963 1224 3022 nix

97 3042 193 3103 nivls.
216 3043 373 3100 nonenim
392 3038 496 3097 dubito
521 3037 596 3116 quin
610 3059 691 3097 nom.
714 3041 776 3112 vis,
800 3043 943 3117 gemnis,
966 3041 1037 3100 olim
1053 3052 1117 3101 erat
1130 3064 1222 3123 regu·
1249 3083 1252 3092 ·
1272 3086 1275 3099 .

98 3126 190 3201 laris,
212 3146 292 3184 nom.
313 3127 390 3199 virs,
414 3145 478 3202 gen.
495 3123 584 3197 viris,
597 3122 669 3184 dat.
691 3127 764 3200 uiri,
782 3136 839 3184 etc.
862 3126 945 3204 quod
959 3127 1086 3204 pluralis
1098 3129 1221 3191 videtur
1252 3133 1279 3171 '·

97 3223 284 3286 monstrare,
306 3213 399 3283 vires,
421 3211 545 3293 virium,
567 3207 694 3283 uiribus,
714 3218 770 3268 etc.
792 3220 939 3270 mutatwn
961 3212 1055 3288 sorte,
1071 3215 1150 3293 quia
1167 3220 1221 3276 oi·-

97 3298 140 3357 ris
153 3306 186 3358 et
202 3299 261 3356 viri
277 3294 453 3354 incidebant
469 3294 503 3351 in
524 3292 658 3352 dativum
683 3294 830 3372 pluralem
851 3298 1067 3374 et‘genitivum
1088 3296 1221 3378 singula-

95 3402 163 3442 rem
184 3381 270 3440 vocis
288 3377 522 3460 frequentissimi
543 3396 616 3436 usus
623 3422 633 3454 ,
654 3382 718 3454 vir,
743 3382 816 3454 viri,
840 3377 897 3439 etc.
939 3382 1020 3442 Illud
1038 3385 1072 3443 in
1089 3383 1219 3454 hisem-

94 3465 188 3528 nibus
210 3467 353 3546 exemplis
377 3465 450 3524 licet
474 3480 613 3538 cernere,
635 3465 686 3523 vel
712 3464 858 3542 abjectam
878 3487 943 3524 esse
965 3481 1178 3531 consonantem
1199 3494 1218 3532 a

93 3551 344 3615 reformatoribus·
368 3571 406 3610 ex
418 3547 569 3609 vocabulo
587 3549 757 3626 primitivo,
778 3551 829 3611 vel
852 3553 1014 3612 emollitam
1029 3576 1093 3614 csse
1108 3559 1219 3634 *termi-
1317 3575 1324 3589 ·

92 3635 248 3699 nationem
266 3636 425 3697 inserendo
451 3632 589 3692 vocalem
605 3633 685 3693 inter
707 3647 913 3696 consonantes.
956 3639 1035 3698 Huic
1060 3641 1137 3698 enim
1153 3642 1286 3724 salines)

92 3724 140 3801 pei
162 3721 305 3781 videntur
322 3722 491 3796 studuisse,
519 3725 624 3776 utrum
644 3720 793 3796 genitivus
816 3724 1014 3800 responderet
1030 3726 1215 3789 nominativo

90 3808 135 3869 ita
160 3807 338 3882 reformato,
367 3826 479 3876 necne,
507 3822 616 3880 parum
639 3806 768 3865 solliciti.
821 3808 1008 3887 Ubicumque
1030 3829 1104 3868 vero
1126 3823 1217 3891 pote-

89 3904 176 3969 rant,
201 3903 427 3967 consonantem,
450 3891 475 3949 si
491 3888 569 3947 duae
591 3900 677 3948 erant
690 3892 740 3949 vel
753 3901 815 3951 tres
837 3895 1015 3974 conjunctae
1029 3895 1062 3951 in
1078 3899 1216 3956 nomina-

89 3981 174 4056 tivo,
198 3978 370 4059 ejiciebant:
394 3988 424 4037 ct
435 3975 536 4036 tamen
552 3969 711 4034 declinatio
729 3987 758 4036 ct
772 3979 921 4054 genitivus
939 3979 1144 4056 procedebant
1158 4003 1214 4043 ve-

89 4065 149 4125 luti
177 4065 203 4123 si
226 4063 302 4122 nibil
323 4066 499 4122 innovatum
518 4059 625 4120 fuerat.
670 4062 720 4119 Sic
737 4073 900 4142 postquam
917 4085 955 4121 ex
973 4085 1038 4123 aera
1065 4069 1213 4128 exclusis-
1236 4124 1240 4139 ,

89 4160 159 4212 sent
179 4150 301 4210 literam
314 4174 338 4228 r,
361 4149 627 4223 attenuantes,
648 4140 844 4263 nibilominus
866 4151 943 4210 nevis
958 4150 1099 4214 manebat
1113 4153 1146 4214 in
1160 4175 1214 4235 gc-
